@article{Ackermann_et_al_2020,
  author = {Ackermann, L. and Lo, C. H. and Mani, N., and Mayor, J.},
  year = {2020},
  title = {Word learning from a tablet app: Toddlers perform better in a passive context},
  journal = {PLoS ONE},
  volume = {15},
  number = {12},
  pages = {e0240519},
  doi = {10.1371/journal.pone.0240519}
}

@article{Ahooja_et_al_2022,
  author = {Ahooja, A. and Brouillard, M. and Quirk, E. and Ballinger, S. and Polka, L. and Byers-Heinlein, K. and Kircher, R.},
  year = {2022},
  title = {Family language policy among {Québec}-based parents raising multilingual infants and toddlers: A study of resources as a form of language management},
  journal = {Journal of Multilingual and Multicultural Development},
  pages = {1--20},
  doi = {10.1080/01434632.2022.2050918}
}

@article{Axelsson_Horst_2014,
  author = {Axelsson, E. L. and Horst, J. S.},
  year = {2014},
  title = {Contextual repetition facilitates word learning via fast mapping},
  journal = {Acta Psychologica},
  volume = {152},
  pages = {95--99},
  doi = {10.1016/j.actpsy.2014.08.002}
}

@article{Bail_etal_2015,
  author = {Bail, A. and Morini, G. and Newman, R. S.},
  year = {2015},
  title = {Look at the gato! Code-switching in speech to toddlers},
  journal = {Journal of Child Language},
  volume = {42},
  number = {5},
  pages = {1073--1101},
  doi = {10.1017/S0305000914000695}
}

@article{Bates_etal_2015,
    author = {Bates, D., Mächler, M., Bolker, B., and Walker, S.},
    year = {2015},
    title = {Fitting linear mixed-effects models using lme4},
    journal = {Journal of Statistical Software},
    volume = {67},
    number = {1},
    pages = {1--48},
    doi = {10.18637/jss.v067.i01}
}

@article{Benitez_etal_2022,
  author = {Benitez, V. L. and Castellana, M. and Potter, C. E.},
  year = {2022},
  title = {How many palabras? Codeswitching and lexical diversity in {Spanish-English} Picture books},
  journal = {Languages},
  volume = {7},
  pages = {69},
  doi = {10.3390/languages7010069}
}

@article{Bosma_Blom_2019,
  author = {Bosma, E., and Blom, E.},
  year = {2019},
  title = {A code-switching asymmetry in bilingual children: code-switching from {Dutch} to {Frisian} requires more cognitive control than code-switching from {Frisian} to {Dutch}},
  journal = {International Journal of Bilingualism},
  volume = {23},
  number = {6},
  pages = {1431--1447},
  doi = {10.1177/1367006918798972}
}

@article{Brouillard_etal_2022,
  author = {Brouillard, M. and Dubé, D. and Byers-Heinlein, K.},
  year = {2022},
  title = {Reading to bilingual preschoolers: An experimental study of two book formats},
  journal = {Infant and Child Development},
  pages = {e2294},
  doi = {10.1002/icd.2294}
}

@article{Buoy_Nicoladis_2018,
  author = {Buoy, T. and Nicoladis, E. },
  year = {2018},
  title = {The considerateness of codeswitching: A comparison of two groups of {Canadian French-English} bilinguals},
  journal = {Journal of Intercultural Communication Research},
  volume = {47},
  number = {4},
  pages = {361--373},
  doi = {10.1080/17475759.2018.1462241}
}

@article{Byers_2013,
  author = {Byers-Heinlein, K.},
  year = {2013},
  title = {Parental language mixing: Its measurement and the relation of mixed input to young bilingual children's vocabulary size},
  journal = {Bilingualism: Language and Cognition},
  volume = {16},
  number = {1},
  pages = {32--48},
  doi = {10.1017/S1366728912000120}
}

@article{Byers_etal_2017,
  author = {Byers-Heinlein, K. and Morin-Lessard, E. and Lew-Williams, C.},
  year = {2017},
  title = {Bilingual infants control their languages as they listen},
  journal = {Proceedings of the National Academy of Sciences},
  volume = {114},
  number = {34},
  pages = {9032--9037},
  doi = {10.1073/pnas.1703220114}
}

@article{Carbajal_Peperkamp_2020,
    author = {Carbajal, M. J. and Peperkamp, S. },
    year = {2020},
    title = {Dual language input and the impact of language separation on early lexical development},
    journal = {Infancy},
    volume = {25},
    number = {1},
    pages = {22--45},
    doi = {10.1111/infa.12315}
}

@unpublished{Chuey_etal_2022,
	  type = {PsyArxiv Preprint},
	  title = {Conducting developmental research online vs. in-person: A meta-analysis},
	  author = {Chuey, A. and Boyce, V. and Cao, A. and Frank, M.},
	  year = {2022},
    doi = {10.31234/osf.io/qc6fw}
}

@article{David_Wei_2008,
    author = {David, Annabelle and Wei, Li},
    year = {2008},
    title = {Individual differences in the lexical development of {F}rench–{E}nglish bilingual children},
    journal = {International Journal of Bilingual Education and Bilingualism},
    volume = {11},
    number = {5},
    pages = {598--618},
    doi = {10.1080/13670050802149200}
}

@article{DeHouwer_2007,
    author = {De Houwer, A.},
    year = {2007},
    title = {Parental language input patterns and children's bilingual use},
    journal = {Applied Psycholinguistic},
    volume = {28},
    number = {3},
    pages = {441--424},
    doi = {10.1017/S0142716407070221}
}

@incollection{Fennell_Lew_2017,
    author = {Fennell, C. and Lew-Williams, C.},
    year = {2017},
	  title = {Early bilingual word learning},
	  pages = {110--122},
	  booktitle = {Early word learning},
	  publisher = {Routledge},
    address = {New York},
	  editor = {Westermann, G. and Mani, N.}
}

@article{Floccia_etal_2020,
    author = {Floccia, Caroline and Luche, Claire Delle and Lepadatu, Irina and Chow, Janette and Ratnage, Paul and Plunkett, Kim},
    year = {2020},
    title = {Translation equivalent and cross-language semantic priming in bilingual toddlers},
    journal = {Journal of Memory and Language},
    volume = {112},
    pages = {104086},
    doi = {10.1016/j.jml.2019.104086}
}

@article{Frank_etal_2017,
    author = {Frank, Michael C. and Braginsky, Mika and Yurovsky, Daniel and Marchman, Virginia A.},
    year = {2017},
    title = {Wordbank: An open repository for developmental vocabulary data},
    journal = {Journal of Child Language},
    volume = {44},
    number = {3},
    pages = {677--694},
    doi = {10.1017/S0305000916000209}
}

@incollection{Frank_etal_2009,
    author = {Frank, M. C. and Goodman, N. D. and Tenenbaum, J. B. and Fernald, A.},
    year = {2009},
    title = {Continuity of discourse provides information for word learning},
	  pages = {1418--1423},
	  booktitle = {Proceedings of the 31st Annual Meeting of the Cognitive Science Society},
	  publisher = {Cognitive Science Society},
    address = {Amsterdam}
}

@article{Frank_etal_2016,
    author = {Frank, M. C. and Sugarman, E. and Horowitz, A. C. and Lewis, M. L. and Yurovsky, D.},
    year = {2016},
    title = {Using tablets to collect data from young children.},
    journal = {Journal of Cognition and Development},
    volume = {17},
    number = {1},
    pages = {1--17},
    doi = {10.1080/15248372.2015.1061528}
}

@article{Gardner_etal_2005,
    author = {Gardner-Chloros, P. and McEntee-Atalianis, L. and Finnis, K.},
    year = {2005},
    title = {Language attitudes and use in a transplanted setting: {Greek Cypriots} in {London}},
    journal = {International Journal of Multilingualism},
    volume = {2},
    number = {1},
    pages = {52--80},
    doi = {10.1080/17501220508668376}
}

@book{Grammont_1902,
  author = {Grammont, M.},
  year = {1902},
  title = {Observations sur le langage des enfants},
  publisher = {Melanges Meillet},
  address = {Paris}
}

@article{Heredia_Altarriba_2001,
    author = {Heredia, R. R. and Altarriba, J.},
    year = {2001},
    title = {Bilingual language mixing: Why do bilinguals code-switch?},
    journal = {Current Directions in Psychological Science},
    volume = {10},
    number = {5},
    pages = {164--168},
    doi = {10.1111/1467-8721.00140}
}

@article{Hoff_etal_2012,
	  author = {Hoff, Erika and Core, Cynthia and Place, Silvia and Rumiche, Rosario and Señor, Melissa and Parra, Marisol},
	  year = {2012},
	  title = {Dual language exposure and early bilingual development},
    journal = {Journal of Child Language},
	  volume = {39},
	  number = {1},
	  pages = {1--27},
    doi = {10.1017/S0305000910000759}
}

@incollection{Horowitz_Frank_2013,
    author = {Horowitz, A. and & Frank, M. C.},
    year = {2013},
    title = {Young children’s developing sensitivity to discourse continuity as a cue to reference},
	  pages = {621--626},
	  booktitle = {Proceedings of the 35th Annual Meeting of the Cognitive Science Society},
	  publisher = {Cognitive Science Society},
    address = {Berlin}
}

@article{Horst_Hout_2016,
	  author = {Horst, J. S. and Hout, M. C.},
	  year = {2016},
	  title = {The {Novel Object} and {Unusual Name} ({N}{O}{U}{N}) Database: A collection of novel images for use in experimental research},
    journal = {Behavior Research Methods},
	  volume = {48},
	  pages = {1393--1409},
    doi = {10.3758/s13428-015-0647-3}
}

@article{Kalashnikova_etal_2018,
	  author = {Kalashnikova, M and Escudero, P and Kidd, E.},
	  year = {2018},
	  title = {The development of fast-mapping and novel word retention strategies in monolingual and bilingual infants},
    journal = {Developmental Science},
	  volume = {21},
	  pages = {e12674},
    doi = {10.1111/desc.12674}
}

@article{Kircher_etal_2022,
    author = {Kircher, R. and Quirk, E. and Brouillard, M. and Ahooja, A. and Ballinger, S. and Polka, L. and Byers-Heinlein, K.},
    year = {2022},
    title = {Quebec-based parents’ attitudes towards childhood multilingualism: Evaluative dimensions and potential predictors},
    journal = {Journal of Language and Social Psychology},
    volume = {41},
    number = {5},
    pages = {527--552},
    doi = {10.1177/0261927X22107885}
}

@article{Kirkorian_etal_2016,
    author = {Kirkorian, H. L. and Choi, K. and Pempek, T. A.},
    year = {2016},
    title = {Toddlers’ word learning from contingent and noncontingent video on touch screens},
    journal = {Child Development},
    volume = {87},
    number = {2},
    pages = {405--413},
    doi = {10.1111/cdev.12508}
}

@unpublished{Kosie_etal_prep,
  author = {Kosie, J. E. and Tsui, R. K.-Y. and Martinez, T. and Sander, A. and Fibla, L. and Potter, C. and Byers-Heinlein, K. and Lew-Williams, C.},
  title = {Cross-community differences in bilingual infants’ experience with language switching},
  year = {in preparation}
}

@article{Kremin_etal_2021a,
    author = {Kremin, Lena V. and Alves, Julia and Orena, Adriel John and Polka, Linda and Byers-Heinlein, Krista},
    year = {2021a},
    title = {Code-switching in parents’ everyday speech to bilingual infants},
    journal = {Journal of Child Language},
    volume = {First View},
    pages = {1--27},
    doi = {10.1017/S0305000921000118}
}

@unpublished{Kremin_etal_2021b,
	  type = {PsyArxiv Preprint},
	  title = {Bilingual children’s comprehension of code-switching at an uninformative adjective},
	  author = {Kremin, L. V. and Jardak, A. and Lew-Williams, C. and Byers-Heinlein, K.},
	  year = {2021b},
    doi = {10.31234/osf.io/akz96}
}

@article{Kuznetsova_etal_2017,
    author = {Kuznetsova, A. and Brockhoff, P. B. and Christensen, R. H. B.},
    year = {2017},
    title = {lmerTest Package: Tests in linear mixed effects models},
    journal = {Journal of Statistical Software},
    volume = {82},
    number = {13},
    pages = {1--26},
    doi = {10.18637/jss.v082.i13}
}

@article{Lawson_Sachdev_2000,
    author = {Lawson, S. and Sachdev, I.},
    year = {2000},
    title = {Codeswitching in Tunisia: Attitudinal and behavioural dimensions},
    journal = {Journal of Pragmatics},
    volume = {32},
    number = {9},
    pages = {1343--1361},
    doi = {10.1016/S0378-2166(99)00103-4}
}

@Manual{Lenth_2022,
    title = {emmeans: Estimated Marginal Means, aka Least-Squares Means},
    author = {Lenth, R. V.},
    year = {2022},
    version = {1.7.2},
    url = {https://CRAN.R-project.org/package=emmeans},
}

@article{Marchman_etal_2017,
    author = {Marchman, V. A. and Martínez, L. Z. and Hurtado, N. and Grüter, T. and Fernald, A.},
    year = {2017},
    title = {Caregiver talk to young {Spanish-English} bilinguals: Comparing direct observation and parent-report measures of dual-language exposure},
    journal = {Developmental Science},
    volume = {20},
    number = {1},
    pages = {e12425},
    doi = {10.1111/desc.12425}
}

@article{Marian_etal_2007,
    author = {Marian, V. and Blumenfeld, H. K. and Kaushanskaya, M.},
    year = {2007},
    title = {The {Language Experience and Proficiency Questionnaire} ({L}{E}{A}{P}-{Q}): Assessing language profiles in bilinguals and multilinguals},
    journal = {Journal of Speech, Language, and Hearing Research},
    volume = {50},
    number = {4},
    pages = {940--967},
    doi = {10.1044/1092-4388(2007/067)}
}

@misc{migration_policy_institute_2021,
    title = {Tabulation of data from the U.S. Census Bureau's pooled 2015-2019 American Community Survey on U.S. Young Children (ages 0 to 8) by Dual Language Learner Status: National and State Sociodemographic and Family Profiles},
    url = {https://www.migrationpolicy.org/programs/data-hub/charts/us-state-profiles-young-dlls},
    author = {{Migration Policy Institute}},
    year = {2021},
    publisher = {National Center on Immigrant Integration Policy},
    address = {Washington, DC}
}

@incollection{Montes_2000,
    author = {Montes-Alcalá, C.},
    year = {2000},
	  title = {Attitudes towards oral and written codeswitching in Spanish–English bilingual youths},
	  pages = {218--227},
	  booktitle = {Research on Spanish in the U.S.},
	  publisher = {Cascadilla},
    address = {Somerville, MA},
	  editor = {A. Roca}
}

@article{Morini_Newman_2019,
    author = {Morini, G. and Newman, R. S.},
    year = {2019},
    title = {Dónde está la ball? Examining the effect of code switching on bilingual children's word recognition},
    journal = {Journal of child language},
    volume = {46},
    number = {6},
    pages = {1238--1248},
    doi = {10.1017/S0305000919000400}
}

@incollection{Myers-Scotton_2017,
    author = {Myers-Scotton, C.},
    years = {2017},
    title = {Code-switching},
    pages = {217--237},
    booktitle = {The Handbook of Sociolinguistics},
    publisher = {Blackwell Publishing Ltd},
    address = {New Jersey, US},
    editor = {F. Coulmas},
    doi = {10.1002/9781405166256.ch13}
}

@article{Orena_etal_2020,
    author = {Orena, A. J. and Byers-Heinlein, K. and Polka, L.},
    year = {2020},
    title = {What do bilingual infants actually hear? Evaluating measures of language input to bilingual-learning 10-month-olds},
    journal = {Developmental Science},
    volume = {23},
    pages = {e12901},
    doi = {10.1111/desc.12901}
}

@article{Orena_Polka_2019,
    author = {Orena, A. J. and Polka, L.},
    year = {2019},
    title = {Monolingual and bilingual infants’ word segmentation abilities in an inter-mixed dual-language task},
    journal = {Infancy},
    volume = {24},
    number = {5},
    pages = {718--737},
    doi = {10.1111/infa.12296}
}

@article{Pearson_etal_1993,
    author = {Pearson, Barbara Zurer and Fernández, Sylvia C. and Oller, D. Kimbrough},
    year = {1993},
    title = {Lexical development in bilingual infants and toddlers: Comparison to monolingual norms},
    journal = {Language Learning},
    volume = {43},
    number = {1},
    pages = {93--120},
    doi = {10.1111/j.1467-1770.1993.tb00174.x}
}

@article{Place_Hoff_2011,
    author = {Place, Silvia and Hoff, Erika},
    year = {2011},
    title = {Properties of dual language exposure that influence 2-year-olds’ bilingual proficiency},
    journal = {Child Development},
    volume = {82},
    number = {6},
    pages = {1834--1849},
    doi = {10.1111/j.1467-8624.2011.01660.x}
}

@article{Poplack_1980,
    author = {Poplack, S.},
    year = {1980},
    title = {Sometimes {I’ll} start a sentence in {Spanish} y termino en espanol: Toward a typology of code-switching},
    journal = {Linguistics},
    volume = {18},
    pages = {581--618},
    doi = {10.1515/ling.1980.18.7-8.581}
}

@article{Poplack_1988,
    author = {Poplack, S.},
    year = {1988},
    title = {Contrasting patterns of code-switching in two communities},
    journal = {Codeswitching: Anthropological and sociolinguistic perspectives},
    volume = {48},
    pages = {215--244},
    doi = {10.1515/9783110849615}
}

@article{Potter_etal_2019,
    author = {Potter, C. E. and Fourakis, E. and Morin-Lessard, E. and Byers-Heinlein, K. and Lew‐Williams, C.},
    year = {2019},
    title = {Bilingual toddlers’ comprehension of mixed sentences is asymmetrical across their two languages},
    journal = {Developmental Science},
    volume = {22},
    number = {4},
    pages = {e12794},
    doi = {10.1111/desc.12794}
}

@unpublished{Quirk_etal_2022,
	  type = {PsyArxiv Preprint},
	  title = {Quebec-based parents’ concerns regarding their children’s multilingual development},
	  author = {Quirk, E. and Brouillard, M. and Ahooja, A. and Ballinger, S. and Polka, L. and Byers-Heinlein, K. and Kircher, R.},
	  year = {2022},
    doi = {10.31234/osf.io/583ge}
  }

@Manual{R_2019,
    title = {R: A Language and Environment for Statistical Computing},
    author = {{R Core Team}},
    organization = {R Foundation for Statistical Computing},
    address = {Vienna, Austria},
    year = {2020},
    version = {4.1.3},
    url = {https://www.R-project.org/},
}

@article{Read_etal_2021,
    author = {Read, K. and Contreras, P. D. and Rodriguez, B. and Jara, J.},
    year = {2021},
    title = {¿Read Conmigo?: The Effect of Code-switching Storybooks on Dual-Language Learners’ Retention of New Vocabulary},
    journal = {Early Education and Development},
    volume = {32},
    number = {4},
    pages = {516--533},
    doi = {10.1080/10409289.2020.1780090}
}

@article{Rocha_Barr_2022,
    author = {Rocha-Hidalgo, J. and Barr, R.},
    year = {2022},
    title = {Defining bilingualism in infancy and toddlerhood: A scoping review},
    journal = {International Journal of Bilingualism},
    doi = {10.1177/13670069211069067}
}

@article{Rocha_etal_2021,
    author = {Rocha-Hidalgo, J. and Feller, M. and Blanchfield, O. A. and Kucker, S. C. and Barr, R. F.},
    year = {2021},
    title = {Patterns of mutual exclusivity and retention: A study of monolingual and bilingual 2-year-olds},
    journal = {Infancy},
    volume = {26},
    pages = {1011--1036},
    doi = {10.1111/infa.12432}
}

@book{Ronjat_1913,
    author = {Ronjat, J},
    year = {1913},
    title = {Le développement du langage observé chez un enfant bilingue},
    publisher = {Champion},
    address = {Paris}
}

@article{Schott_etal_2022,
    author = {Schott, E. and Kremin, L. V. and Byers-Heinlein, K.},
    year = {2022},
    title = {The youngest bilingual {Canadians}: Insights from the 2016 census regarding children aged 0–9 Years},
    journal = {Canadian Public Policy},
    volume = {48},
    number = {2},
    pages = {254--266},
    doi = {10.3138/cpp.2021-064}
  }

@article{Schwab_Lew_2016,
    author = {Schwab, J. F. and Lew-Williams, C.},
    year = {2016},
    title = {Repetition across successive sentences facilitates young children’s word learning},
    journal = {Developmental Psychology},
    volume = {52},
    number = {6},
    pages = {879--886},
    doi = {10.1037/dev0000125}
  }

@article{Semmelmann_etal_2016,
    author = {Semmelmann, Kilian and Nordt, Marisa and Sommer, Katharina and Röhnke, Rebecka and Mount, Luzie and Prüfer, Helen and Terwiel, Sophia and Meissner, Tobias W. and Koldewyn, Kami and Weigelt, Sarah},   
    year = {2016},
    title = {U can touch this: how tablets can be used to study cognitive development},
    journal = {Frontiers in Psychology},
    volume = {7},
    pages = {1021},
    doi = {10.3389/fpsyg.2016.01021}
  }

@article{Thibeault_Matheson_2020,
    author = {Thibeault, J. and Matheson, I. A.},
    year = {2020},
    title = {The cross-linguistic reading strategies used by elementary students in {French} immersion as they engage with dual-language children’s books},
    journal = {Canadian Modern Language Review},
    volume = {76},
    number = {4},
    pages = {375--394},
    doi = {10.3138/cmlr-2019-0071}
  }

@article{Toribio_2022,
  author = {Toribio, A. J.},
  year = {2022},
  title = {{Spanish-English} code-switching among {US Latinos}},
  journal = {International Journal of the Sociology of Language},
  volume = {158},
  pages = {89--119},
  doi = {10.1515/ijsl.2002.053}
}
